@article{veytsmanlatex,
  title={\LaTeX\ Class for Association for Computing Machinery},
  author={Veytsman, Boris},
  year={2016},
}
@misc{latex-diff,
  title = {LaTexDiff},
  author = {Tilmann, Frederik},
  year = {2023},
  howpublished = {\url{https://github.com/ftilmann/latexdiff}},
  note = {Accessed: 2023-11-01}
}